@INPROCEEDINGS{5445596,
author={C. {Saravanan}},
booktitle={2010 Second International Conference on Computer Engineering and Applications},
title={Color Image to Grayscale Image Conversion},
year={2010},
volume={2},
number={},
pages={196-199},
keywords={image colour analysis;grayscale image conversion;image color conversion;RGB approximation;contrasts;sharpness;shadow;salient features preservation;Color;Gray-scale;Image converters;Image processing;Application software;Pixel;Printing;Computer applications;Approximation algorithms;Image generation;color reduction;color to gray transformation},
doi={10.1109/ICCEA.2010.192},
ISSN={null},
month={March},}
